@book{git_best_practices,
  author    = {Eric Pidoux}, 
  title     = {Git Best Practices Guide},
  publisher = {Packt Publishing Ltd.},
  year      = 2014,
  edition   = 1,
  isbn      = {978-1-78355-373-0},
}

@book{git_pocket,
  author    = {Richard E. Silverman}, 
  title     = {Git Pocket Guide},
  publisher = {O’Reilly Media, Inc.},
  year      = 2013,
  edition   = 2,
  isbn      = {978-1-449-32586-2},
}

@book{building_tools_github,
  author    = {Chris Dawson and Ben Straub}, 
  title     = {Building Tools with Github},
  publisher = {O’Reilly Media, Inc.},
  year      = 2016,
  edition   = 2,
  isbn      = {978-1-491-93350-3},
}

@book{version_control_git,
  author    = {Jon Loeliger and Matthew McCullough}, 
  title     = {Version Control with Git, Second Edition},
  publisher = {O’Reilly Media, Inc.},
  year      = 2012,
  edition   = 2,
  isbn      = {978-1-449-31638-9},
}

@book{git_version_cookbook,
  author    = {Aske Olsson and Rasmus Voss}, 
  title     = {Git Version Control Cookbook},
  publisher = {Packt Publishing Ltd.},
  year      = 2014,
  edition   = 1,
  isbn      = {978-1-78216-845-4},
}

@misc{openhub_git_svn,
    author= {Openhub},
    year  = 2019,
    title = {Openhub compare repositories},
    note  = {\url{https://www.openhub.net/repositories/compare}, Acessado em 26 de agosto de 2019}
}

@misc{developer_survey,
    author= {StackOverflow},
    year  = 2019,
    title = {StackOverflow Developer Survey},
    note  = {\url{https://insights.stackoverflow.com/survey/2019}, Acessado em 26 de agosto de 2019}
}

@article{version_control_review,
  author  = {Nazatul Nurlisa Zolkifli, Amir Ngah*, Aziz Deraman}, 
  title   = {Version Control System: A Review},
  journal = {Procedia Computer Science},
  year    = 2018,
  number  = 135,
  pages   = {408–415},
  note    = {\url{https://www.sciencedirect.com/science/article/pii/S1877050918314819}}
}

@article{importance_of_software_documentation,
  author  = {Dr. Jatinderkumar R. Saini}, 
  title   = {Significanceof Software Documentation in SoftwareDevelopment Process},
  journal = {International Journal of Engineering Innovation & Research},
  year    = 2014,
%   number  = ,
  pages   = {410-416},
  note    = {\url{https://www.academia.edu/22729273/Significance_of_Software_Documentation_in_Software_Development_Process}}
}

@misc{post_github_community_tools,
    author= {Kat Fukui},
    year  = 2017,
    title = {Post de lançamento do community tools},
    note  = {\url{https://github.blog/2017-06-14-new-community-tools/}, Acessado em 25 de agosto de 2019}
}

@misc{opensource_guidelines_github,
    author= {GitHub},
    year  = 2019,
    title = {Starting a opensource project},
    note  = {\url{https://opensource.guide/starting-a-project/}, Acessado em 24 de agosto de 2019}
}

@misc{opensource_checklist_github,
    author= {GitHub},
    year  = 2019,
    title = {Starting an opensource project - pre-launch checklist},
    note  = {\url{https://opensource.guide/starting-a-project/#your-pre-launch-checklist}, Acessado em 05 de novembro de 2019}
}

@misc{opensource_checklist_linux_foundation,
    author= {Christine Abernathy, Ibrahim Haddad, Guy Martin, John Mertic, Jared Smith},
    year  = 2019,
    title = {Starting an opensource project},
    note  = {\url{https://www.linuxfoundation.org/resources/open-source-guides/starting-open-source-project/#7}, Acessado em 05 de novembro de 2019}
}


@inbook{sommerville_o_que_eh_software,
  author       = {Ian Sommerville}, 
  title        = {Engenharia de Software},
  chapter      = 1,
  pages        = {4},
  publisher    = {Pearson Education do Brasil},
  year         = 2011,
  address      = {Rua Nelson Francisco, 26, Limão CEP 02712-100 – São Paulo – SP Brasil},
  edition      = 3,
  month        = 12
}

@book{mastering_git,
  author    = {Jakub Narębski}, 
  title     = {Mastering Git},
  publisher = {Packt Publishing Ltd.},
  year      = 2016,
  edition   = 1,
  isbn      = {978-1-78355-375-4},
}
